<?xml version="1.0" encoding="UTF-8"?><collection xmlns="http://www.loc.gov/MARC21/slim"><record><leader>00437nam--2200157-i-4500</leader><controlfield tag="001">000008323</controlfield><controlfield tag="002">20161230</controlfield><controlfield tag="005">20170225193522</controlfield><controlfield tag="008">060222s1000------------r-----000-0-eng-d</controlfield><datafield ind1=" " ind2=" " tag="100"><subfield code="a">Dieudonne, Jean</subfield></datafield><datafield ind1=" " ind2=" " tag="245"><subfield code="a">Algebre lineaire et geometrie elementaire 2-eme edition corrigee</subfield></datafield><datafield ind1=" " ind2=" " tag="260"><subfield code="a">Paris</subfield><subfield code="b">Herman</subfield><subfield code="c">1964</subfield></datafield><datafield ind1=" " ind2=" " tag="300"><subfield code="a">223 p</subfield></datafield><datafield ind1=" " ind2=" " tag="490"><subfield code="a">Collection Enseinement Des Sciences</subfield></datafield><datafield ind1=" " ind2=" " tag="852"><subfield code="a">27842</subfield><subfield code="c">512</subfield></datafield><datafield ind1=" " ind2=" " tag="CAT"><subfield code="a">SYS</subfield><subfield code="c">20170225</subfield><subfield code="h">193522</subfield></datafield></record></collection>